@article{rivkin1996microbial,
  title={Microbial processes in cold oceans. I. Relationship between temperature and bacterial growth rate},
  author={Rivkin, Richard B and Anderson, MR and Lajzerowicz, C},
  journal={Aquatic Microbial Ecology},
  volume={10},
  number={3},
  pages={243--254},
  year={1996}
}

@article{esser2015modeling,
  title={Modeling microbial growth and dynamics},
  author={Esser, Daniel S and Leveau, Johan HJ and Meyer, Katrin M},
  journal={Applied microbiology and biotechnology},
  volume={99},
  number={21},
  pages={8831--8846},
  year={2015},
  publisher={Springer}
}

@article{peleg2011microbial,
  title={Microbial growth curves: what the models tell us and what they cannot},
  author={Peleg, Micha and Corradini, Maria G},
  journal={Critical reviews in food science and nutrition},
  volume={51},
  number={10},
  pages={917--945},
  year={2011},
  publisher={Taylor \& Francis}
}

@article{mckellar2004primary,
  title={Primary models},
  author={McKellar, Robin C and Lu, Xuewen and others},
  journal={Modeling microbial responses in food},
  pages={21--62},
  year={2004},
  publisher={Boca Raton, Florida: CRC Press}
}

@article{zwietering1990modeling,
  title={Modeling of the bacterial growth curve},
  author={Zwietering, MH and Jongenburger, Il and Rombouts, FM and Van't Riet, KJAEM},
  journal={Applied and environmental microbiology},
  volume={56},
  number={6},
  pages={1875--1881},
  year={1990},
  publisher={Am Soc Microbiol}
}

@article{lopez2004statistical,
  title={Statistical evaluation of mathematical models for microbial growth},
  author={L{\'o}pez, Sophie and Prieto, M and Dijkstra, J and Dhanoa, MS and France, J},
  journal={International journal of food microbiology},
  volume={96},
  number={3},
  pages={289--300},
  year={2004},
  publisher={Elsevier}
}

@article{vlazaki2019integrating,
  title={Integrating mathematical models with experimental data to investigate the within-host dynamics of bacterial infections},
  author={Vlazaki, Myrto and Huber, John and Restif, Olivier},
  journal={Pathogens and Disease},
  volume={77},
  number={8},
  pages={ftaa001},
  year={2019},
  publisher={Oxford University Press}
}

@article{ferrer2009mathematical,
  title={Mathematical modelling methodologies in predictive food microbiology: a SWOT analysis},
  author={Ferrer, Jordi and Prats, Clara and L{\'o}pez, Daniel and Vives-Rego, Josep},
  journal={International Journal of Food Microbiology},
  volume={134},
  number={1-2},
  pages={2--8},
  year={2009},
  publisher={Elsevier}
}

@article{johnson2004model,
  title={Model selection in ecology and evolution},
  author={Johnson, Jerald B and Omland, Kristian S},
  journal={Trends in ecology \& evolution},
  volume={19},
  number={2},
  pages={101--108},
  year={2004},
  publisher={Elsevier}
}

@article{bae2014growth,
  title={Growth characteristics and biofilm formation of various spoilage bacteria isolated from fresh produce},
  author={Bae, Young-Min and Zheng, Ling and Hyun, Jeong-Eun and Jung, Kyu-Seok and Heu, Sunggi and Lee, Sun-Young},
  journal={Journal of food science},
  volume={79},
  number={10},
  pages={M2072--M2080},
  year={2014},
  publisher={Wiley Online Library}
}

@article{bernhardt2018metabolic,
  title={Metabolic theory and the temperature-size rule explain the temperature dependence of population carrying capacity},
  author={Bernhardt, Joey R and Sunday, Jennifer M and O’Connor, Mary I},
  journal={The American Naturalist},
  volume={192},
  number={6},
  pages={687--697},
  year={2018},
  publisher={University of Chicago Press Chicago, IL}
}

@article{galarz2016predicting,
  title={Predicting bacterial growth in raw, salted, and cooked chicken breast fillets during storage},
  author={Galarz, Liane Aldrighi and Fonseca, Gustavo Graciano and Prentice, Carlos},
  journal={Food Science and Technology International},
  volume={22},
  number={6},
  pages={461--474},
  year={2016},
  publisher={SAGE Publications Sage UK: London, England}
}

@article{gill1991growth,
  title={Growth of Escherichia coli and Salmonella typhimurium on high-pH beef packed under vacuum or carbon dioxide},
  author={Gill, CO and DeLacy, KM},
  journal={International journal of food microbiology},
  volume={13},
  number={1},
  pages={21--30},
  year={1991},
  publisher={Elsevier}
}

@article{phillips1987relation,
  title={The relation between temperature and growth of bacteria in dairy products},
  author={Phillips, JD and Griffiths, MW},
  journal={Food Microbiology},
  volume={4},
  number={2},
  pages={173--185},
  year={1987},
  publisher={Elsevier}
}

@article{roth1962continuity,
  title={Continuity of psychrophilic and mesophilic growth characteristics in the genus Arthrobacter},
  author={Roth, Norman G and Wheaton, Robert B},
  journal={Journal of Bacteriology},
  volume={83},
  number={3},
  pages={551--555},
  year={1962},
  publisher={Am Soc Microbiol}
}

@article{silva2018modelling,
  title={Modelling the growth of lactic acid bacteria at different temperatures},
  author={Silva, Ana Paula Rosa da and Longhi, Daniel Angelo and Dalcanton, Francieli and Arag{\~a}o, Gl{\'a}ucia Maria Falc{\~a}o de},
  journal={Brazilian archives of biology and technology},
  volume={61},
  year={2018},
  publisher={SciELO Brasil}
}

@article{sivonen1990effects,
  title={Effects of light, temperature, nitrate, orthophosphate, and bacteria on growth of and hepatotoxin production by Oscillatoria agardhii strains},
  author={Sivonen, Kaarina},
  journal={Applied and environmental microbiology},
  volume={56},
  number={9},
  pages={2658--2666},
  year={1990},
  publisher={Am Soc Microbiol}
}

@article{stannard1985temperature,
  title={Temperature/growth relationships for psychrotrophic food-spoilage bacteria},
  author={Stannard, CJ and Williams, AP and Gibbs, PA},
  journal={Food Microbiology},
  volume={2},
  number={2},
  pages={115--122},
  year={1985},
  publisher={Elsevier}
}

@article{zwietering1994modeling,
  title={Modeling of bacterial growth with shifts in temperature},
  author={Zwietering, MH and De Wit, JC and Cuppers, HGAM and Van't Riet, K},
  journal={Applied and Environmental Microbiology},
  volume={60},
  number={1},
  pages={204--213},
  year={1994},
  publisher={Am Soc Microbiol}
}

@article{changyong2014log,
  title={Log-transformation and its implications for data analysis},
  author={Changyong, FENG and Hongyue, WANG and Naiji, LU and Tian, CHEN and Hua, HE and Ying, LU and others},
  journal={Shanghai archives of psychiatry},
  volume={26},
  number={2},
  pages={105},
  year={2014},
  publisher={Shanghai Mental Health Center}
}

@article{lema2018parameter,
  title={On Parameter Interpretability of Phenomenological-Based Semiphysical Models},
  author={Lema-Perez, Laura and Mu{\~n}oz-Tamayo, Rafael and Garcia-Tirado, Jose and Alvarez, Hernan},
  journal={bioRxiv},
  pages={446583},
  year={2018},
  publisher={Cold Spring Harbor Laboratory}
}

@inbook{1114732503,
author={Karen C. Carroll and Jeffery A. Hobden and Steve Miller and Stephen A. Morse and Timothy A. Mietzner and Barbara Detrick and Thomas G. Mitchell and James H. McKerrow and Judy A. Sakanari},
title={Growth, Survival, and Death of Microorganisms},
booktitle={Jawetz, Melnick, &amp; Adelberg’s Medical Microbiology, 27e},
publisher={McGraw-Hill Education},
address={New York, NY},
year={2019},
url={accessmedicine.mhmedical.com/content.aspx?aid=1114732503}
}

@article{article,
author = {Buchanan, Robert and Whiting, R.C. and Damert, W.C.},
year = {1997},
month = {08},
pages = {313-326},
title = {When is simple good enough: a comparison of the Gompertz, Baranyi, and three-phase linear models for fitting bacterial growth curves* 1,* 2},
volume = {14},
journal = {Food Microbiology},
doi = {10.1006/fmic.1997.0125}
}

@software{matt_newville_2022_7370358,
  author       = {Matt Newville and
                  Renee Otten and
                  Andrew Nelson and
                  Till Stensitzki and
                  Antonino Ingargiola and
                  Dan Allan and
                  Austin Fox and
                  Faustin Carter and
                  Michał and
                  Ray Osborn and
                  Dima Pustakhod and
                  lneuhaus and
                  Sebastian Weigand and
                  Andrey Aristov and
                  Glenn and
                  Christoph Deil and
                  Mark and
                  Allan L. R. Hansen and
                  Gustavo Pasquevich and
                  Leon Foks and
                  Nicholas Zobrist and
                  Oliver Frost and
                  Stuermer and
                  azelcer and
                  Anthony Polloreno and
                  Arun Persaud and
                  Jens Hedegaard Nielsen and
                  Matteo Pompili and
                  Shane Caldwell and
                  Anselm Hahn},
  title        = {lmfit/lmfit-py: 1.1.0},
  month        = nov,
  year         = 2022,
  publisher    = {Zenodo},
  version      = {1.1.0},
  doi          = {10.5281/zenodo.7370358},
  url          = {https://doi.org/10.5281/zenodo.7370358}
}

@book{10.5555/1593511, 
 author = {Van Rossum, Guido and Drake, Fred L.}, 
 title = {Python 3 Reference Manual}, 
 year = {2009}, 
 isbn = {1441412697}, 
 publisher = {CreateSpace}, 
 address = {Scotts Valley, CA} 
}

@ARTICLE{2020NumPy-Array, 
  author  = {Harris, Charles R. and Millman, K. Jarrod and van der Walt, Stéfan J and Gommers, Ralf and Virtanen, Pauli and Cournapeau, David and Wieser, Eric and Taylor, Julian and Berg, Sebastian and Smith, Nathaniel J. and Kern, Robert and Picus, Matti and Hoyer, Stephan and van Kerkwijk, Marten H. and Brett, Matthew and Haldane, Allan and Fernández del Río, Jaime and Wiebe, Mark and Peterson, Pearu and Gérard-Marchant, Pierre and Sheppard, Kevin and Reddy, Tyler and Weckesser, Warren and Abbasi, Hameer and Gohlke, Christoph and Oliphant, Travis E.}, 
  title   = {Array programming with {NumPy}}, 
  journal = {Nature}, 
  year    = {2020}, 
  volume  = {585}, 
  pages   = {357–362}, 
  doi     = {10.1038/s41586-020-2649-2} 
}

@inproceedings{mckinney2010data, 
  title={Data structures for statistical computing in python}, 
  author={McKinney, Wes and others}, 
  booktitle={Proceedings of the 9th Python in Science Conference}, 
  volume={445}, 
  pages={51--56}, 
  year={2010}, 
  organization={Austin, TX} 
}

@ARTICLE{2020SciPy-NMeth, 
  author  = {Virtanen, Pauli and Gommers, Ralf and Oliphant, Travis E. and Haberland, Matt and Reddy, Tyler and Cournapeau, David and Burovski, Evgeni and Peterson, Pearu and Weckesser, Warren and Bright, Jonathan and {van der Walt}, St{\'e}fan J. and Brett, Matthew and Wilson, Joshua and Millman, K. Jarrod and Mayorov, Nikolay and Nelson, Andrew R. J. and Jones, Eric and Kern, Robert and Larson, Eric and Carey, C J and Polat, {\.I}lhan and Feng, Yu and Moore, Eric W. and {VanderPlas}, Jake and Laxalde, Denis and Perktold, Josef and Cimrman, Robert and Henriksen, Ian and Quintero, E. A. and Harris, Charles R. and Archibald, Anne M. and Ribeiro, Ant{\^o}nio H. and Pedregosa, Fabian and {van Mulbregt}, Paul and {SciPy 1.0 Contributors}}, 
  title   = {{{SciPy} 1.0: Fundamental Algorithms for Scientific Computing in Python}}, 
  journal = {Nature Methods}, 
  year    = {2020}, 
  volume  = {17}, 
  pages   = {261--272}, 
  adsurl  = {https://rdcu.be/b08Wh}, 
  doi     = {10.1038/s41592-019-0686-2}, 
}

@Manual{R,
  title = {R: A Language and Environment for Statistical Computing},
  author = {{R Core Team}},
  organization = {R Foundation for Statistical Computing},
  address = {Vienna, Austria},
  year = {2022},
  url = {https://www.R-project.org/},
}

@Manual{dplyr,
  title = {dplyr: A Grammar of Data Manipulation},
  author = {Hadley Wickham and Romain François and Lionel Henry and Kirill Müller},
  year = {2022},
  note = {R package version 1.0.10},
  url = {https://CRAN.R-project.org/package=dplyr},
}

@Book{ggplot2,
  author = {Hadley Wickham},
  title = {ggplot2: Elegant Graphics for Data Analysis},
  publisher = {Springer-Verlag New York},
  year = {2016},
  isbn = {978-3-319-24277-4},
  url = {https://ggplot2.tidyverse.org},
}

@misc{gnu2007free, 
  title={Free Software Foundation. Bash (3.2. 48)[Unix shell program]}, 
  author={GNU, P}, 
  year={2007} 
}

@article{van2011using,
  title={Using theoretical models to analyse neural development},
  author={Van Ooyen, Arjen},
  journal={Nature Reviews Neuroscience},
  volume={12},
  number={6},
  pages={311--326},
  year={2011},
  publisher={Nature Publishing Group}
}

@article{brewer2016relative,
  title={The relative performance of AIC, AICC and BIC in the presence of unobserved heterogeneity},
  author={Brewer, Mark J and Butler, Adam and Cooksley, Susan L},
  journal={Methods in Ecology and Evolution},
  volume={7},
  number={6},
  pages={679--692},
  year={2016},
  publisher={Wiley Online Library}
}

@article{coelho2019parsimonious,
  title={A parsimonious view of the parsimony principle in ecology and evolution},
  author={Coelho, Marco T{\'u}lio P and Diniz-Filho, Jos{\'e} Alexandre and Rangel, Thiago F},
  journal={Ecography},
  volume={42},
  number={5},
  pages={968--976},
  year={2019},
  publisher={Wiley Online Library}
}

@article{peleg1997modeling,
  title={Modeling microbial populations with the original and modified versions of the continuous and discrete logistic equations},
  author={Peleg, Micha and Shetty, Kalidas},
  journal={Critical Reviews in Food Science \& Nutrition},
  volume={37},
  number={5},
  pages={471--490},
  year={1997},
  publisher={Taylor \& Francis}
}

@article{ross2003modeling,
  title={Modeling microbial growth within food safety risk assessments},
  author={Ross, Thomas and McMeekin, Thomas Alexander},
  journal={Risk Analysis: An International Journal},
  volume={23},
  number={1},
  pages={179--197},
  year={2003},
  publisher={Wiley Online Library}
}

@article{tsoularis2002analysis,
  title={Analysis of logistic growth models},
  author={Tsoularis, Anastasios and Wallace, James},
  journal={Mathematical biosciences},
  volume={179},
  number={1},
  pages={21--55},
  year={2002},
  publisher={Elsevier}
}

@article{tjorve2017use,
  title={The use of Gompertz models in growth analyses, and new Gompertz-model approach: An addition to the Unified-Richards family},
  author={Tj{\o}rve, Kathleen MC and Tj{\o}rve, Even},
  journal={PloS one},
  volume={12},
  number={6},
  pages={e0178691},
  year={2017},
  publisher={Public Library of Science San Francisco, CA USA}
}